% Automatically generated content.
% https://www.bioinformatics.org/texmed/
% Texmed is used to convert PMID into the bib references below.

@online{webcardio,
    title = {Cardiovascular diseases.},
    note = {Accessed March 4, 2024},
    url = {https://www.who.int/health-topics/cardiovascular-diseases}
}

@Article{Jung2018,
   Author="Jung, J. H. and Lee, Y. H. and Song, G. G. and Jeong, H. S. and Kim, J. H. and  Choi, S. J.",
   Title="{Endovascular Versus Open Surgical Intervention in Patients with Takayasu's Arteritis: A Meta-analysis}",
   Journal="Eur J Vasc Endovasc Surg",
   Year="2018",
   Volume="55",
   Number="6",
   Pages="888--899",
   Month="Jun"
}

@Article{Green2005,
   Author="Green, J. D. and Omary, R. A. and Schirf, B.E. and Tang, R. and Lu, B. and Gehl, J. A. and Huang, J. J. and Carr, J. C. and Pereles, F. S. and Li, D.",
   Title="{Comparison of X-ray fluoroscopy and interventional magnetic resonance imaging for the assessment of coronary artery stenoses in swine}",
   Journal="Magn Reson Med",
   Year="2005",
   Volume="54",
   Number="5",
   Pages="1094--1099",
   Month="Nov"
}

% 21359519 
@Article{pmid21359519,
   Author="Saeed, M.  and Hetts, S. W.  and English, J.  and Wilson, M. ",
   Title="{{M}{R} fluoroscopy in vascular and cardiac interventions (review)}",
   Journal="Int J Cardiovasc Imaging",
   Year="2012",
   Volume="28",
   Number="1",
   Pages="117--137",
   Month="Jan"
}

% 35420239 
@Article{pmid35420239,
   Author="Nijsink, H.  and Overduin, C. G.  and Willems, L. H.  and é, M. C.  and tterer, J. J. ",
   Title="{{C}urrent {S}tate of {M}{R}{I}-{G}uided {E}ndovascular {A}rterial {I}nterventions: {A} {S}ystematic {R}eview of {P}reclinical and {C}linical {S}tudies}",
   Journal="J Magn Reson Imaging",
   Year="2022",
   Volume="56",
   Number="5",
   Pages="1322--1342",
   Month="Nov"
}

% 3173063 
@Article{pmid3173063,
   Author="Riederer, S. J.  and Tasciyan, T.  and Farzaneh, F.  and Lee, J. N.  and Wright, R. C.  and Herfkens, R. J. ",
   Title="{{M}{R} fluoroscopy: technical feasibility}",
   Journal="Magn Reson Med",
   Year="1988",
   Volume="8",
   Number="1",
   Pages="1--15",
   Month="Sep"
}

@online{marvistech-guidewires,
    title = {MarvisTech MR Guidewires},
    note = {Accessed 05.03.2024},
    url = {https://marvistech.com/marvis-mr-guidewires/}
}

@online{nano4imaging-guidewires,
    title = {Nano4Imaging MR guidewires},
    note = {Accessed 05.03.2024},
    url = {https://www.nano4imaging.com/}
}

@online{epflex-guidewires,
    title = {EPflex MRline guidewires},
    note = {Accessed 03.03.2024},
    url = {https://www.epflex.com/produkte/mrline/}
}

% 11146480 
@Article{pmid11146480,
   Author="Bakker, C. J.  and Bos, C.  and Weinmann, H. J. ",
   Title="{{P}assive tracking of catheters and guidewires by contrast-enhanced {M}{R} fluoroscopy}",
   Journal="Magn Reson Med",
   Year="2001",
   Volume="45",
   Number="1",
   Pages="17--23",
   Month="Jan"
}

% 14523965 
@Article{pmid14523965,
   Author="Seppenwoolde, J. H.  and Viergever, M. A.  and Bakker, C. J. ",
   Title="{{P}assive tracking exploiting local signal conservation: the white marker phenomenon}",
   Journal="Magn Reson Med",
   Year="2003",
   Volume="50",
   Number="4",
   Pages="784--790",
   Month="Oct"
}

% 22162977 
@Article{pmid22162977,
   Author="Braun, H. J.  and Gold, G. E. ",
   Title="{{A}dvanced {M}{R}{I} of articular cartilage}",
   Journal="Imaging Med",
   Year="2011",
   Volume="3",
   Number="5",
   Pages="541--555",
   Month="Oct"
}

@phdthesis{sunil-patil-phd,
    author = {Sunil Patil},
    title = {Passive Tracking and System Interfaces for Interventional MRI},
    year = {2009},
    type = {PhD Thesis},
    chapter = {3}
}

% 35199259 
@Article{pmid35199259,
   Author="Nijsink, H.  and Overduin, C. G.  and Brand, P.  and De Jong, S. F.  and Borm, P. J. A.  and é, M. C.  and tterer, J. J. ",
   Title="{{O}ptimised passive marker device visibility and automatic marker detection for 3-{T} {M}{R}{I}-guided endovascular interventions: a pulsatile flow phantom study}",
   Journal="Eur Radiol Exp",
   Year="2022",
   Volume="6",
   Number="1",
   Pages="11",
   Month="Feb"
}

% 29994302 
@Article{pmid29994302,
   Author="Bernard, O.  and Lalande, A.  and Zotti, C.  and Cervenansky, F.  and Yang, X.  and Heng, P. A.  and Cetin, I.  and Lekadir, K.  and Camara, O.  and Gonzalez Ballester, M. A.  and Sanroma, G.  and Napel, S.  and Petersen, S.  and Tziritas, G.  and Grinias, E.  and Khened, M.  and Kollerathu, V. A.  and Krishnamurthi, G.  and Rohe, M. M.  and Pennec, X.  and Sermesant, M.  and Isensee, F.  and Jager, P.  and Maier-Hein, K. H.  and Full, P. M.  and Wolf, I.  and Engelhardt, S.  and Baumgartner, C. F.  and Koch, L. M.  and Wolterink, J. M.  and Isgum, I.  and Jang, Y.  and Hong, Y.  and Patravali, J.  and Jain, S.  and Humbert, O.  and Jodoin, P. M. ",
   Title="{{D}eep {L}earning {T}echniques for {A}utomatic {M}{R}{I} {C}ardiac {M}ulti-{S}tructures {S}egmentation and {D}iagnosis: {I}s the {P}roblem {S}olved?}",
   Journal="IEEE Trans Med Imaging",
   Year="2018",
   Volume="37",
   Number="11",
   Pages="2514--2525",
   Month="Nov"
}

% 28689483 
@Article{pmid28689483,
   Author="Boersen, J. T.  and Groot Jebbink, E.  and Van de Velde, L.  and Versluis, M.  and Lajoinie, G.  and Slump, C. H.  and de Vries, J. P. M.  and Reijnen, M. M. P. J. ",
   Title="{{T}he {I}nfluence of {P}ositioning of the {N}ellix {E}ndovascular {A}neurysm {S}ealing {S}ystem on {S}uprarenal and {R}enal {F}low: {A}n {I}n {V}itro {S}tudy}",
   Journal="J Endovasc Ther",
   Year="2017",
   Volume="24",
   Number="5",
   Pages="677--687",
   Month="Oct"
}

% 16683261 
@Article{pmid16683261,
   Author="Bock, M.  and ller, S.  and Zuehlsdorff, S.  and Speier, P.  and Fink, C.  and Hallscheidt, P.  and Umathum, R.  and Semmler, W. ",
   Title="{{A}ctive catheter tracking using parallel {M}{R}{I} and real-time image reconstruction}",
   Journal="Magn Reson Med",
   Year="2006",
   Volume="55",
   Number="6",
   Pages="1454--1459",
   Month="Jun"
}

% 33288961 
@Article{pmid33288961,
   Author="Isensee, F.  and Jaeger, P. F.  and Kohl, S. A. A.  and Petersen, J.  and Maier-Hein, K. H. ",
   Title="{nn{U}-{N}et: a self-configuring method for deep learning-based biomedical image segmentation}",
   Journal="Nat Methods",
   Year="2021",
   Volume="18",
   Number="2",
   Pages="203--211",
   Month="Feb"
}
