@book{oecd2022health,
  title={Health at a Glance: Europe 2022: State of Health in the EU Cycle},
  author={OECD/European Union},
  year={2022},
  publisher={OECD Publishing},
  address={Paris},
  url={https://doi.org/10.1787/507433b0-en}
}